<?xml version="1.0" encoding="UTF-8"?><collection xmlns="http://www.loc.gov/MARC21/slim"><record><leader>00499nam--2200193-u-4500</leader><controlfield tag="001">000053559</controlfield><controlfield tag="002">20161230</controlfield><controlfield tag="005">20161230201051</controlfield><controlfield tag="008">110427s1000------------r-----000-0-rus-d</controlfield><datafield ind1=" " ind2=" " tag="040"><subfield code="a">IFIN-HH</subfield></datafield><datafield ind1=" " ind2=" " tag="041"><subfield code="a">rus</subfield></datafield><datafield ind1=" " ind2=" " tag="080"><subfield code="a">535.373.2</subfield></datafield><datafield ind1="1" ind2=" " tag="100"><subfield code="a">Brodin, M.S</subfield></datafield><datafield ind1="1" ind2="0" tag="245"><subfield code="a">Poliaritoni v kristallo-optike</subfield><subfield code="c">M.s. brodin; e.n. miasnikov; s.v. marisova</subfield></datafield><datafield ind1=" " ind2=" " tag="260"><subfield code="a">Kiev</subfield><subfield code="b">Naukova Dumka</subfield><subfield code="c">1984</subfield></datafield><datafield ind1=" " ind2=" " tag="300"><subfield code="a">200P</subfield></datafield><datafield ind1="1" ind2=" " tag="700"><subfield code="a">Marisova, S.V</subfield></datafield><datafield ind1=" " ind2=" " tag="852"><subfield code="a">71820</subfield><subfield code="c">535.37</subfield></datafield><datafield ind1=" " ind2=" " tag="CAT"><subfield code="a">Sys</subfield><subfield code="c">20110427</subfield><subfield code="h">151713</subfield></datafield></record></collection>